@article{Bando1995PRE,
  author  = {Bando, Masako and Hasebe, Katsuya and Nakayama, Akihiro and Shibata, Akihiro and Sugiyama, Yuki},
  title   = {Dynamical model of traffic congestion and numerical simulation},
  journal = {Physical Review E},
  year    = {1995},
  volume  = {51},
  number  = {2},
  pages   = {1035--1042},
  doi     = {10.1103/PhysRevE.51.1035}
}

@book{TreiberKesting2013,
  author    = {Treiber, Martin and Kesting, Arne},
  title     = {Traffic Flow Dynamics: Data, Models and Simulation},
  publisher = {Springer},
  address   = {Berlin, Heidelberg},
  year      = {2013},
  isbn      = {978-3-642-32459-8},
  doi       = {10.1007/978-3-642-32462-8}
}

@article{Sugiyama2008NJP,
  author  = {Sugiyama, Yuki and Fukui, Minoru and Kikuchi, Macoto and Hasebe, Katsuya and Nakayama, Akihiro and Nishinari, Katsuhiro and Tadaki, Shin-ichi and Yukawa, Satoshi},
  title   = {Traffic jams without bottlenecksâ€”experimental evidence for the physical mechanism of the formation of a jam},
  journal = {New Journal of Physics},
  year    = {2008},
  volume  = {10},
  pages   = {033001},
  doi     = {10.1088/1367-2630/10/3/033001}
}

@misc{HasebeBando1998Delay,
  author       = {Bando, Masako and Hasebe, Katsuya and Nakanishi, Ken and Nakayama, Akihiro},
  title        = {Analysis of Optimal Velocity Model with Explicit Delay},
  howpublished = {arXiv: patt-sol/9805002},
  year         = {1998},
  url          = {https://arxiv.org/abs/patt-sol/9805002}
}

@article{Bando1998PREDelay,
  author  = {Bando, Masako and Hasebe, Katsuya and Nakanishi, Ken and Nakayama, Akihiro},
  title   = {Analysis of optimal velocity model with explicit delay},
  journal = {Physical Review E},
  year    = {1998},
  volume  = {58},
  number  = {5},
  pages   = {5429--5435},
  doi     = {10.1103/PhysRevE.58.5429}
}

@misc{Bando1996Phenomenological,
  author       = {Bando, Masako and Hasebe, Katsuya and Nakayama, Akihiro and Shibata, Akihiro and Sugiyama, Yuki},
  title        = {Phenomenological Models of Traffic Flow},
  howpublished = {arXiv: patt-sol/9608002},
  year         = {1996},
  url          = {https://arxiv.org/abs/patt-sol/9608002}
}

@article{NonlinearDynamics2022Modes,
  author  = {Martinovich, K.},
  title   = {Nonlinear effects of saturation in the car-following model},
  journal = {Nonlinear Dynamics},
  year    = {2023},
  volume  = {111},
  pages   = {11751--11767},
  doi     = {10.1007/s11071-022-07951-0},
  note    = {Discusses mode behavior and stability charts in car-following dynamics}
}

@article{Orosz2006RSPA,
  author  = {Orosz, G{\'a}bor and Wilson, R. Eddie and Stepan, G{\'a}bor},
  title   = {Subcritical Hopf bifurcations in a car-following model with reaction-time delay},
  journal = {Proceedings of the Royal Society A: Mathematical, Physical and Engineering Sciences},
  year    = {2006},
  volume  = {462},
  number  = {2073},
  pages   = {2643--2670},
  doi     = {10.1098/rspa.2006.1660}
}

@article{Orosz2010PhilTrans,
  author  = {Orosz, G{\'a}bor and Wilson, R. Eddie and St{\'e}p{\'a}n, G{\'a}bor},
  title   = {Traffic jams: dynamics and control},
  journal = {Philosophical Transactions of the Royal Society A: Mathematical, Physical and Engineering Sciences},
  year    = {2010},
  volume  = {368},
  number  = {1928},
  pages   = {4455--4479},
  doi     = {10.1098/rsta.2010.0205}
}
